<?xml version="1.0" encoding="UTF-8"?><record xmlns="http://www.loc.gov/MARC21/slim" xmlns:cinclude="http://apache.org/cocoon/include/1.0" xmlns:zs="http://www.loc.gov/zing/srw/">
  <leader>00668nz  a2200145n  4500</leader>
  <controlfield tag="001">no2014163174</controlfield>
  <controlfield tag="003">DLC</controlfield>
  <controlfield tag="005">20141211073552.0</controlfield>
  <controlfield tag="008">141210nn azannaabn           a ana     c</controlfield>
  <datafield tag="010" ind1=" " ind2=" ">
    <subfield code="a">no2014163174</subfield>
  </datafield>
  <datafield tag="035" ind1=" " ind2=" ">
    <subfield code="a">(OCoLC)oca10037364</subfield>
  </datafield>
  <datafield tag="040" ind1=" " ind2=" ">
    <subfield code="a">IEN</subfield>
    <subfield code="b">eng</subfield>
    <subfield code="e">rda</subfield>
    <subfield code="c">IEN</subfield>
  </datafield>
  <datafield tag="110" ind1="1" ind2=" ">
    <subfield code="a">New York (N.Y.).</subfield>
    <subfield code="b">Division of Transportation for Elderly and Handicapped Persons</subfield>
  </datafield>
  <datafield tag="410" ind1="1" ind2=" ">
    <subfield code="a">New York (N.Y.).</subfield>
    <subfield code="b">Transportation for Elderly and Handicapped Persons, Division of</subfield>
  </datafield>
  <datafield tag="670" ind1=" " ind2=" ">
    <subfield code="a">Citywide paratransit system design, 1982:</subfield>
    <subfield code="b">title page (New York City Department of Transportation Bureau of Transportation Planning and Research Division of Transportation for Elderly and Handicapped Persons)</subfield>
  </datafield>
</record>